<record><leader>00000cas a22000007a 4500</leader><controlfield tag="001">12295942</controlfield><controlfield tag="008">850723d18831910inudn ne      0    0eng d</controlfield><datafield ind1=" " ind2=" " tag="010"><subfield code="a">sn 85048009 </subfield></datafield><datafield ind1=" " ind2=" " tag="040"><subfield code="a">NPI</subfield><subfield code="b">eng</subfield><subfield code="c">NPI</subfield><subfield code="d">OCLCQ</subfield></datafield><datafield ind1=" " ind2=" " tag="042"><subfield code="a">msc</subfield></datafield><datafield ind1="0" ind2=" " tag="130"><subfield code="a">Seymour daily Democrat (Seymour, Ind. : 1883)</subfield></datafield><datafield ind1="1" ind2="0" tag="245"><subfield code="a">Seymour daily Democrat.</subfield></datafield><datafield ind1=" " ind2=" " tag="260"><subfield code="a">Seymour, Ind. :</subfield><subfield code="b">[Seymour Democrat Co.],</subfield><subfield code="c">1883-</subfield></datafield><datafield ind1=" " ind2=" " tag="310"><subfield code="a">Daily (except Sun.)</subfield></datafield><datafield ind1="0" ind2=" " tag="362"><subfield code="a">Vol. 7, no. 230 (Oct. 17, 1883)-</subfield></datafield><datafield ind1="1" ind2=" " tag="362"><subfield code="a">Ceased in 1910.</subfield></datafield><datafield ind1=" " ind2=" " tag="500"><subfield code="a">Publisher's name from Ayer's.</subfield></datafield><datafield ind1=" " ind2=" " tag="752"><subfield code="a">United States</subfield><subfield code="b">Indiana</subfield><subfield code="c">Jackson</subfield><subfield code="d">Seymour.</subfield></datafield><datafield ind1="0" ind2="0" tag="780"><subfield code="t">Seymour daily lever</subfield><subfield code="w">(DLC)sn 85047996</subfield></datafield><datafield ind1="0" ind2="7" tag="785"><subfield code="t">Daily Democratic sun</subfield><subfield code="w">(DLC)sn 87055865</subfield></datafield><datafield ind1="0" ind2="7" tag="785"><subfield code="t">Daily Democrat and Democratic sun</subfield></datafield></record>